<?xml version="1.0" encoding="UTF-8"?><collection xmlns="http://www.loc.gov/MARC21/slim"><record><leader>00348nam--2200133-i-4500</leader><controlfield tag="001">000024139</controlfield><controlfield tag="002">20161230</controlfield><controlfield tag="005">20161230201035</controlfield><controlfield tag="008">060222s1000------------r-----000-0-eng-d</controlfield><datafield ind1=" " ind2=" " tag="100"><subfield code="a">Griffiths, Phillip A</subfield></datafield><datafield ind1=" " ind2=" " tag="245"><subfield code="a">Morgan, john w</subfield></datafield><datafield ind1=" " ind2=" " tag="260"><subfield code="a">Rational Homotopy Theory And Differential Forms</subfield></datafield><datafield ind1=" " ind2=" " tag="490"><subfield code="a">Progress In Mathematics</subfield></datafield><datafield ind1=" " ind2=" " tag="852"><subfield code="a">515.142.25</subfield></datafield></record></collection>